@mastersthesis{rudi2010,
  author   = "Rudi, Johann",
  title    = "Empirical {M}ode {D}ecomposition via adaptiver {W}avelet-{A}pproximation",
  school   = "Universit채t Paderborn, Fakult채t f체r Elektrotechnik, Informatik und Mathematik, Institut f체r Mathematik",
  type     = "Diplomarbeit",
  year     = "2010",
  month    = "April",
}

@article{StPr1997,
  author    = "Storn, Rainer and Price, Kenneth",
  title     = "Differential Evolution -- A Simple and Efficient Heuristic for Global Optimization over Continuous Spaces",
  journal   = "Journal of Global Optimization",
  volume    = "11",
  number    = "4",
  pages     = "341--359",
  year      = "1997",
  month     = "December",
}
